<record xmlns="http://www.loc.gov/MARC21/slim" xmlns:xsi="http://www.w3.org/2001/XMLSchema-instance" xsi:schemaLocation="http://www.loc.gov/MARC21/slim http://www.loc.gov/standards/marcxml/schema/MARC21slim.xsd"><leader>02451nam a2200397   4500</leader><controlfield tag="001">002086386</controlfield><controlfield tag="003">NNU</controlfield><controlfield tag="006">m        d        </controlfield><controlfield tag="007">cr cn |||m|||a</controlfield><controlfield tag="008">150223m19831985ir h    ob    000 0 araod</controlfield><datafield ind1=" " ind2=" " tag="040"><subfield code="a">NNU</subfield><subfield code="b">eng</subfield><subfield code="c">NNU</subfield></datafield><datafield ind1=" " ind2="4" tag="050"><subfield code="a">BP135.A3</subfield><subfield code="b">A295 1983</subfield></datafield><datafield ind1="1" ind2=" " tag="100"><subfield code="6">880-01</subfield><subfield code="a">Ibn Abi&#772; Jumhu&#772;r al-Ah&#803;sa&#772;&#700;i&#772;, Muh&#803;ammad ibn &#699;Ali&#772;,</subfield><subfield code="d">-approximately 1473.</subfield></datafield><datafield ind1="1" ind2="0" tag="245"><subfield code="6">880-02</subfield><subfield code="a">&#699;Awa&#772;li&#772; al-la&#700;a&#772;li&#772; al-&#699;azi&#772;zi&#772;yah fi&#772; al-ah&#803;a&#772;di&#772;th al-di&#772;ni&#772;yah</subfield><subfield code="h">[electronic resource] /</subfield><subfield code="c">li-Muh&#803;ammad ibn &#699;Ali&#772; ibn Ibra&#772;hi&#772;m al-Ah&#803;sa&#772;&#700;i&#772; al-ma&#699;ru&#772;f bi-ibn Abi&#772; Jumhu&#772;r ; qaddama lahu Shiha&#772;b al-Di&#772;n al-Najafi&#772; al-Mar&#699;ishi&#772; ; tah&#803;qi&#772;q Mujtaba&#772; al-&#699;Ira&#772;qi&#772;.</subfield></datafield><datafield ind1=" " ind2=" " tag="250"><subfield code="6">880-03</subfield><subfield code="a">alT&#803;ab&#699;ah 1.</subfield></datafield><datafield ind1=" " ind2=" " tag="260"><subfield code="6">880-04</subfield><subfield code="a">Qum :</subfield><subfield code="b">Mat&#803;ba&#699;at Sayyid al-Shuhada&#772;&#700;,</subfield><subfield code="c">1983-1985.</subfield></datafield><datafield ind1=" " ind2=" " tag="300"><subfield code="a">online resource (4 v.) :</subfield><subfield code="b">facsims.</subfield></datafield><datafield ind1=" " ind2=" " tag="500"><subfield code="a">Part of the Arabic Collections Online (ACO) project, contributed by New York Univeristy Libraries.</subfield></datafield><datafield ind1=" " ind2=" " tag="504"><subfield code="a">Includes bibliographical references.</subfield></datafield><datafield ind1=" " ind2=" " tag="533"><subfield code="a">Electronic reproduction.</subfield><subfield code="b">New York, N.Y. :</subfield><subfield code="c">New York University,</subfield><subfield code="d">2015.</subfield><subfield code="5">NNU</subfield></datafield><datafield ind1=" " ind2="0" tag="650"><subfield code="a">Hadith.</subfield></datafield><datafield ind1=" " ind2="7" tag="650"><subfield code="a">Hadith.</subfield><subfield code="2">fast</subfield><subfield code="0">(OCoLC)fst00950112</subfield></datafield><datafield ind1="1" ind2=" " tag="700"><subfield code="6">880-05</subfield><subfield code="a">Mar&#699;ash&#299; Najaf&#299;, Shih&#257;b al-D&#299;n</subfield></datafield><datafield ind1="1" ind2=" " tag="700"><subfield code="6">880-06</subfield><subfield code="a">&#699;Ir&#257;q&#299;, Mujtab&#225;</subfield></datafield><datafield ind1="2" ind2=" " tag="710"><subfield code="a">New York University.</subfield><subfield code="b">Libraries.</subfield></datafield><datafield ind1="0" ind2=" " tag="730"><subfield code="a">Arabic Collections Online.</subfield></datafield><datafield ind1="0" ind2="8" tag="776"><subfield code="i">Print version:</subfield><subfield code="a">Ibn Abi&#772; Jumhu&#772;r al-Ah&#803;sa&#772;&#700;i&#772;, Muh&#803;ammad ibn &#699;Ali&#772;, -approximately 1473.</subfield><subfield code="t">&#699;Awa&#772;li&#772; al-la&#700;a&#772;li&#772; al-&#699;azi&#772;zi&#772;yah fi&#772; al-ah&#803;a&#772;di&#772;th al-di&#772;ni&#772;yah</subfield><subfield code="w">(NNU)002086386</subfield></datafield><datafield ind1="4" ind2="0" tag="856"><subfield code="u">http://hdl.handle.net/2333.1/f7m0cj8x</subfield></datafield><datafield ind1="0" ind2=" " tag="880"><subfield code="6">100-01/</subfield><subfield code="a">&#1605;&#1581;&#1605;&#1583; &#1576;&#1606; &#1593;&#1604;&#1609; &#1576;&#1606; &#1575;&#1576;&#1585;&#1575;&#1607;&#1610;&#1605; &#1575;&#1604;&#1575;&#1581;&#1587;&#1575;&#1574;&#1610;.</subfield></datafield><datafield ind1="1" ind2="0" tag="880"><subfield code="6">245-02/</subfield><subfield code="a">&#1593;&#1608;&#1575;&#1604;&#1609; &#1575;&#1604;&#1604;&#1574;&#1575;&#1604;&#1609; &#1575;&#1604;&#1593;&#1586;&#1610;&#1586;&#1610;&#1577; &#1601;&#1610; &#1575;&#1604;&#1571;&#1581;&#1575;&#1583;&#1610;&#1579; &#1575;&#1604;&#1583;&#1610;&#1606;&#1610;&#1577; /</subfield><subfield code="c">&#1604;&#1605;&#1581;&#1605;&#1583; &#1576;&#1606; &#1593;&#1604;&#1609; &#1576;&#1606; &#1575;&#1576;&#1585;&#1575;&#1607;&#1610;&#1605; &#1575;&#1604;&#1575;&#1581;&#1587;&#1575;&#1574;&#1610; &#1575;&#1604;&#1605;&#1593;&#1585;&#1608;&#1601; &#1576;&#1575;&#1576;&#1606; &#1575;&#1576;&#1609; &#1580;&#1605;&#1607;&#1608;&#1585; &#1563; &#1602;&#1583;&#1605; &#1604;&#1607; &#1588;&#1607;&#1575;&#1576; &#1575;&#1604;&#1583;&#1610;&#1606; &#1575;&#1604;&#1606;&#1580;&#1601;&#1609; &#1575;&#1604;&#1605;&#1585;&#1593;&#1588;&#1609; &#1563; &#1578;&#1581;&#1602;&#1610;&#1602; &#1605;&#1580;&#1578;&#1576;&#1609; &#1575;&#1604;&#1593;&#1585;&#1575;&#1602;&#1609;.</subfield></datafield><datafield ind1=" " ind2=" " tag="880"><subfield code="6">250-03/</subfield><subfield code="a">&#1575;&#1604;&#1591;&#1576;&#1593;&#1577; &#1633;.</subfield></datafield><datafield ind1=" " ind2=" " tag="880"><subfield code="6">260-04/</subfield><subfield code="a">&#1602;&#1605; :</subfield><subfield code="b">&#1605;&#1591;&#1576;&#1593;&#1577; &#1587;&#1610;&#1583; &#1575;&#1604;&#1588;&#1607;&#1583;&#1575;&#1569;&#1548;</subfield><subfield code="c">&#1633;&#1641;&#1640;&#1637;-&#1633;&#1641;&#1640;&#1635;.</subfield></datafield><datafield ind1="1" ind2=" " tag="880"><subfield code="6">700-05/</subfield><subfield code="a">&#1605;&#1585;&#1593;&#1588;&#1610; &#1606;&#1580;&#1601;&#1610;&#1548; &#1588;&#1607;&#1575;&#1576; &#1575;&#1604;&#1583;&#1610;&#1606;.</subfield></datafield><datafield ind1="1" ind2=" " tag="880"><subfield code="6">700-06/</subfield><subfield code="a">&#1593;&#1575;&#1585;&#1575;&#1602;&#1609;&#1548; &#1605;&#1580;&#1578;&#1576;&#1609;.</subfield></datafield><datafield ind1=" " ind2=" " tag="959"><subfield code="a">NNU</subfield><subfield code="b">WEB</subfield><subfield code="c">GENI</subfield><subfield code="t">0</subfield><subfield code="m">Electronic access</subfield><subfield code="s">01</subfield></datafield><datafield ind1=" " ind2=" " tag="999"><subfield code="i">NNU_002086386</subfield><subfield code="s">nyu_aco000199:v.1</subfield><subfield code="s">nyu_aco000200:v.2</subfield><subfield code="s">nyu_aco000201:v.3</subfield><subfield code="s">nyu_aco000202:v.4</subfield></datafield></record>